<?xml version="1.0" encoding="UTF-8"?><collection xmlns="http://www.loc.gov/MARC21/slim"><record><leader>00504nam--2200133-i-4500</leader><controlfield tag="001">000044528</controlfield><controlfield tag="002">20161230</controlfield><controlfield tag="005">20161230201044</controlfield><controlfield tag="008">060222s1000------------r-----000-0-eng-d</controlfield><datafield ind1=" " ind2=" " tag="080"><subfield code="a">621.311.2(061.3):621.039(061.3)</subfield></datafield><datafield ind1=" " ind2=" " tag="245"><subfield code="a">Thermal discharges at nuclear power stations. thei management and environmental impacts. a report prepared by a group of experts as the result of a panel meeting, held in vienna, 23-27 oct., 1972</subfield></datafield><datafield ind1=" " ind2=" " tag="260"><subfield code="a">Vienna, I.A.E.A., 1974, 155p</subfield></datafield><datafield ind1=" " ind2=" " tag="490"><subfield code="a">Tech.Rep.Ser</subfield></datafield><datafield ind1=" " ind2=" " tag="852"><subfield code="a">1875</subfield></datafield></record></collection>